<?xml version="1.0" encoding="UTF-8" ?>
<record Numero="14804721" format="InterXMarc_Complet" type="Authority">
<leader>00550c1 au22000272  45  <Pos Code="0004">00550</Pos>
<Pos Code="05" Sens="notice modifiée">c</Pos>
<Pos Code="06" Sens="notice validée en catalogage courant">1</Pos>
<Pos Code="08" Sens="notice d&apos;autorité">a</Pos>
<Pos Code="09" Sens="titre uniforme musical (TUM)">u</Pos>
<Pos Code="10">2</Pos>
<Pos Code="11">2</Pos>
<Pos Code="1216">00027</Pos>
<Pos Code="17" Sens="autres cas">2</Pos>
<Pos Code="20">4</Pos>
<Pos Code="21">5</Pos>
</leader>
<controlfield tag="001">FRBNF148047217<Pos Code="0001">FR</Pos>
<Pos Code="0204">BNF</Pos>
<Pos Code="0512">14804721</Pos>
<Pos Code="13">7</Pos>
</controlfield>
<controlfield tag="008">981105101006yy    sn        17..                             1   <Pos Code="0001">98</Pos>
<Pos Code="0203">11</Pos>
<Pos Code="0405">05</Pos>
<Pos Code="0607">10</Pos>
<Pos Code="0809">10</Pos>
<Pos Code="1011">06</Pos>
<Pos Code="1213" Sens="ne s&apos;applique pas">yy</Pos>
<Pos Code="1820">sn </Pos>
<Pos Code="2831">17..</Pos>
<Pos Code="61" Sens="La vedette peut être liée à une notice bibliographique sauf pour l&apos;accès matière RAMEAU">1</Pos>
</controlfield>
<datafield tag="048" ind1=" " ind2=" ">
	<subfield code="a">wd01<Pos Code="0001" Sens="instruments à vent - basson">wd</Pos>
<Pos Code="02">0</Pos>
<Pos Code="03">1</Pos>
</subfield>
	<subfield code="a">wb1 <Pos Code="0001" Sens="instruments à vent - hautbois">wb</Pos>
<Pos Code="02">1</Pos>
<Pos Code="03"> </Pos>
</subfield>
	<subfield code="a">sa02<Pos Code="0001" Sens="cordes frottées - violon">sa</Pos>
<Pos Code="02">0</Pos>
<Pos Code="03">2</Pos>
</subfield>
	<subfield code="a">zb01<Pos Code="0001" Sens="basse continue - instruments non spécifiés">zb</Pos>
<Pos Code="02">0</Pos>
<Pos Code="03">1</Pos>
</subfield>
</datafield>
<datafield tag="100" ind1=" " ind2=" ">
	<subfield code="3">12626354</subfield>
	<subfield code="w"> 0  b.....</subfield>
	<subfield code="a">Mondonville</subfield>
	<subfield code="m">Jean-Joseph Cassanéa de</subfield>
	<subfield code="d">1711-1772</subfield>
</datafield>
<datafield tag="144" ind1="1" ind2=" ">
	<subfield code="w">....b.....</subfield>
	<subfield code="a" Barre="2">6 Sonates à quatre</subfield>
	<subfield code="b">Violons (2), hautbois, basson, basse</subfield>
</datafield>
<datafield tag="444" ind1="1" ind2=" ">
	<subfield code="w">....b.....</subfield>
	<subfield code="a">Sei sonate a quattro</subfield>
	<subfield code="b">Violons (2), hautbois, basson, basse</subfield>
</datafield>
<datafield tag="610" ind1=" " ind2=" ">
	<subfield code="a">Grove 6</subfield>
	<subfield code="a">Sonata prima / J.-J. Cassanéa de Mondonville. - Ed. du Centre de musique baroque de Versailles, 1997.- (Cahiers de musique ; 23)</subfield>
</datafield>
<datafield tag="917" ind1=" " ind2=" ">
	<subfield code="o">OPD</subfield>
	<subfield code="a">100284420</subfield>
	<subfield code="b">ATUM</subfield>
</datafield>
<Alter Ori="12626354">
<datafield tag="400" ind1=" " ind2=" ">
	<subfield code="w">. . b.....</subfield>
	<subfield code="a">Mondonvila</subfield>
	<subfield code="m">Joan-Josèp Cassanea de</subfield>
	<subfield code="d">1711-1772</subfield>
</datafield>
<datafield tag="400" ind1=" " ind2=" ">
	<subfield code="w">. . b.....</subfield>
	<subfield code="a">Cassanéa de Mondonville</subfield>
	<subfield code="m">Jean-Joseph de</subfield>
	<subfield code="d">1711-1772</subfield>
</datafield>
<datafield tag="400" ind1=" " ind2=" ">
	<subfield code="w">. . b.....</subfield>
	<subfield code="a">Cassanea de Mondonvila</subfield>
	<subfield code="m">Joan-Josèp</subfield>
	<subfield code="d">1711-1772</subfield>
</datafield>
<datafield tag="400" ind1=" " ind2=" ">
	<subfield code="w">. . b.....</subfield>
	<subfield code="a">Mondovillo</subfield>
	<subfield code="m">Joan-Josèp de</subfield>
	<subfield code="d">1711-1772</subfield>
</datafield>
</Alter>
<Attr Nom="IDPerenne">ark:/12148/cb14804721z</Attr>
<Attr Nom="NumSource">OPD 100284420</Attr>
<Attr Nom="Source" Sens="BnF catalogue général (depuis 1999)">A</Attr>
<Attr Nom="NumAutoriteLiee">12626354</Attr>
<Attr Nom="DateCreation">05/11/ 1998</Attr>
<Attr Nom="ResponsableCreation">MIGV3_CC</Attr>
<Attr Nom="StructCreation">1</Attr>
<Attr Nom="DateDerniereValidation">09/11/ 2010</Attr>
<Attr Nom="ResponsableDerniereValidation">MIGV4</Attr>
<Attr Nom="StructPremiereValidation">1</Attr>
<Attr Nom="DatePremiereValidation">05/11/ 1998</Attr>
<Attr Nom="ResponsablePremiereValidation">MIGV3_CC</Attr>
<Attr Nom="StructDerniereValidation">1</Attr>
<Attr Nom="NumSource">OPP 10744065</Attr>
</record>
